<record><leader>00000cas a2200000 a 4500</leader><controlfield tag="001">11162703</controlfield><controlfield tag="008">840917d19121930ksuwr ne      0   a0eng d</controlfield><controlfield tag="009">3789</controlfield><datafield ind1=" " ind2=" " tag="010"><subfield code="a">sn 84029773 </subfield></datafield><datafield ind1=" " ind2=" " tag="040"><subfield code="a">KSH</subfield><subfield code="b">eng</subfield><subfield code="c">KSH</subfield><subfield code="d">NPT</subfield><subfield code="d">OCL</subfield></datafield><datafield ind1=" " ind2=" " tag="042"><subfield code="a">msc</subfield></datafield><datafield ind1="0" ind2="4" tag="245"><subfield code="a">The Garden City telegram.</subfield></datafield><datafield ind1="1" ind2="3" tag="246"><subfield code="a">Garden City telegram and imprint</subfield><subfield code="f">Feb. 6-13, 1912.</subfield></datafield><datafield ind1=" " ind2=" " tag="260"><subfield code="a">Garden City, Kan. :</subfield><subfield code="b">Telegram Co.,</subfield><subfield code="c">1912-1930.</subfield></datafield><datafield ind1=" " ind2=" " tag="300"><subfield code="a">18 v. :</subfield><subfield code="b">ill. ;</subfield><subfield code="c">55-60 cm.</subfield></datafield><datafield ind1=" " ind2=" " tag="310"><subfield code="a">Weekly</subfield><subfield code="b">Feb. 20, 1914-Nov. 12, 1930</subfield></datafield><datafield ind1=" " ind2=" " tag="321"><subfield code="a">Semiweekly</subfield><subfield code="b">Feb. 6, 1912-Feb. 17, 1914</subfield></datafield><datafield ind1="0" ind2=" " tag="362"><subfield code="a">Vol. 23, no. 29 (Feb. 6, 1912)-v. 31, no. 12 (Nov. 12, 1930).</subfield></datafield><datafield ind1=" " ind2=" " tag="500"><subfield code="a">Publisher varies.</subfield></datafield><datafield ind1=" " ind2=" " tag="500"><subfield code="a">Numbering is irregular.</subfield></datafield><datafield ind1=" " ind2=" " tag="752"><subfield code="a">United States</subfield><subfield code="b">Kansas</subfield><subfield code="c">Finney</subfield><subfield code="d">Garden City.</subfield></datafield><datafield ind1="0" ind2="4" tag="780"><subfield code="t">Garden City imprint</subfield><subfield code="w">(DLC)sn 84029761</subfield></datafield><datafield ind1="0" ind2="4" tag="780"><subfield code="t">Evening telegram (Garden City, Kan.)</subfield><subfield code="w">(DLC)sn 84029774</subfield></datafield><datafield ind1="0" ind2="5" tag="780"><subfield code="t">Garden City herald (Garden City, Kan. : 1891)</subfield><subfield code="g">Mar. 1, 1929</subfield><subfield code="w">(DLC)sn 84029778</subfield></datafield><datafield ind1="0" ind2="4" tag="785"><subfield code="t">Garden City daily telegram</subfield><subfield code="w">(DLC)sn 84029782</subfield></datafield></record>